%% This BibTeX bibliography file was created using BibDesk.
%% http://bibdesk.sourceforge.net/


%% Created for Kieran Hunt at 2016-02-29 13:01:14 +0200 


%% Saved with string encoding Unicode (UTF-8) 



@article{hunt2016,
	Author = {Hunt, K. R.},
	Date-Added = {2016-02-29 11:00:23 +0000},
	Date-Modified = {2016-02-29 11:01:10 +0000},
	Journal = {who knows},
	Title = {On The Performance of String Search Algorithms for Deep Packet Inspection},
	Year = {2016}}
